<record><leader>00000cas a22000007a 4500</leader><controlfield tag="001">10081774</controlfield><controlfield tag="008">831101d18801882paumr ne      0   a0eng d</controlfield><datafield ind1=" " ind2=" " tag="010"><subfield code="a">sn 83025935 </subfield></datafield><datafield ind1=" " ind2=" " tag="040"><subfield code="a">NPV</subfield><subfield code="b">eng</subfield><subfield code="c">NPV</subfield><subfield code="d">NPH</subfield><subfield code="d">DLC</subfield><subfield code="d">UAB</subfield><subfield code="d">OCLCQ</subfield><subfield code="d">OCLCF</subfield><subfield code="d">OCLCO</subfield></datafield><datafield ind1="1" ind2=" " tag="029"><subfield code="a">AU@</subfield><subfield code="b">000025817968</subfield></datafield><datafield ind1=" " ind2=" " tag="042"><subfield code="a">msc</subfield></datafield><datafield ind1=" " ind2=" " tag="043"><subfield code="a">n-us-pa</subfield></datafield><datafield ind1=" " ind2=" " tag="045"><subfield code="a">w8w8</subfield></datafield><datafield ind1=" " ind2="4" tag="050"><subfield code="a">E97.6.C2</subfield><subfield code="b">E23</subfield></datafield><datafield ind1=" " ind2=" " tag="052"><subfield code="a">3823</subfield><subfield code="b">C9</subfield></datafield><datafield ind1="0" ind2="0" tag="245"><subfield code="a">Eadle keatah toh.</subfield></datafield><datafield ind1="1" ind2="3" tag="246"><subfield code="a">Big morning star</subfield></datafield><datafield ind1=" " ind2=" " tag="260"><subfield code="a">Carlisle Barracks, Pa. :</subfield><subfield code="b">M. Burgess</subfield></datafield><datafield ind1=" " ind2=" " tag="300"><subfield code="a">v. :</subfield><subfield code="b">ill. ;</subfield><subfield code="c">36 cm.</subfield></datafield><datafield ind1=" " ind2=" " tag="310"><subfield code="a">Monthly</subfield></datafield><datafield ind1="1" ind2=" " tag="362"><subfield code="a">Began in Mar. 1880.</subfield><subfield code="z">Cf. R. Salisbury. Pennsylvania newspapers.</subfield></datafield><datafield ind1="1" ind2=" " tag="362"><subfield code="a">Ceased in July 1882.</subfield><subfield code="z">Cf. d. F. Littlefield and J.W. Parrins. Amer. Indian and Alaskan native newspapers.</subfield></datafield><datafield ind1=" " ind2=" " tag="500"><subfield code="a">Publisher: Indian Training School, &lt;1882&gt;.</subfield></datafield><datafield ind1=" " ind2=" " tag="546"><subfield code="a">In English.</subfield></datafield><datafield ind1=" " ind2=" " tag="588"><subfield code="a">Description based on: Vol. 1, no. 3 (May 1880).</subfield></datafield><datafield ind1=" " ind2="0" tag="650"><subfield code="a">Indians of North America</subfield><subfield code="v">Periodicals.</subfield></datafield><datafield ind1=" " ind2="7" tag="655"><subfield code="a">Periodicals.</subfield><subfield code="2">fast</subfield><subfield code="0">(OCoLC)fst01411641</subfield></datafield><datafield ind1=" " ind2="7" tag="650"><subfield code="a">Indians of North America.</subfield><subfield code="2">fast</subfield><subfield code="0">(OCoLC)fst00969633</subfield></datafield><datafield ind1="2" ind2=" " tag="710"><subfield code="a">United States Indian School (Carlisle, Pa.)</subfield></datafield><datafield ind1=" " ind2=" " tag="752"><subfield code="a">United States</subfield><subfield code="b">Pennsylvania</subfield><subfield code="c">Cumberland</subfield><subfield code="d">Carlisle.</subfield></datafield><datafield ind1="0" ind2="0" tag="785"><subfield code="t">Morning star (Carlisle, Pa.)</subfield><subfield code="w">(DLC)sn 88084115</subfield></datafield></record>